<record><leader>00000cas a2200000 a 4500</leader><controlfield tag="001">64448417</controlfield><controlfield tag="008">060303c20069999gauwr n       0    0eng c</controlfield><datafield ind1=" " ind2=" " tag="010"><subfield code="a">  2006233152</subfield></datafield><datafield ind1=" " ind2=" " tag="040"><subfield code="a">GUA</subfield><subfield code="b">eng</subfield><subfield code="c">GUA</subfield><subfield code="d">GUA</subfield><subfield code="d">OCLCQ</subfield><subfield code="d">OCLCF</subfield><subfield code="d">OCLCO</subfield></datafield><datafield ind1="1" ind2=" " tag="029"><subfield code="a">AU@</subfield><subfield code="b">000040185987</subfield></datafield><datafield ind1=" " ind2=" " tag="042"><subfield code="a">pcc</subfield></datafield><datafield ind1=" " ind2=" " tag="043"><subfield code="a">n-us-ga</subfield></datafield><datafield ind1="1" ind2="4" tag="050"><subfield code="a">AN13.A82</subfield><subfield code="b">S765</subfield></datafield><datafield ind1="0" ind2="4" tag="245"><subfield code="a">The Intown story.</subfield></datafield><datafield ind1="3" ind2=" " tag="246"><subfield code="a">Story Intown</subfield></datafield><datafield ind1=" " ind2=" " tag="260"><subfield code="a">Atlanta :</subfield><subfield code="b">Story LLC,</subfield><subfield code="c">2006-</subfield></datafield><datafield ind1=" " ind2=" " tag="300"><subfield code="a">v. :</subfield><subfield code="b">ill. ;</subfield><subfield code="c">28 cm.</subfield></datafield><datafield ind1=" " ind2=" " tag="310"><subfield code="a">Weekly</subfield></datafield><datafield ind1="0" ind2=" " tag="362"><subfield code="a">Vol. 4, no. 45 (Feb. 16, 2006)-</subfield></datafield><datafield ind1=" " ind2=" " tag="580"><subfield code="a">Merger of: Story (Atlanta, Ga. : Intown West ed.); Story (Atlanta, Ga. : Intown East ed.); and: Story (Atlanta, Ga. : Central Dekalb ed.).</subfield></datafield><datafield ind1=" " ind2="0" tag="651"><subfield code="a">Atlanta (Ga.)</subfield><subfield code="v">Newspapers.</subfield></datafield><datafield ind1=" " ind2="7" tag="655"><subfield code="a">Newspapers.</subfield><subfield code="2">fast</subfield><subfield code="0">(OCoLC)fst01423814</subfield></datafield><datafield ind1=" " ind2="7" tag="651"><subfield code="a">Georgia</subfield><subfield code="z">Atlanta.</subfield><subfield code="2">fast</subfield><subfield code="0">(OCoLC)fst01204627</subfield></datafield><datafield ind1=" " ind2=" " tag="752"><subfield code="a">United States</subfield><subfield code="b">Georgia</subfield><subfield code="d">Atlanta.</subfield></datafield><datafield ind1="1" ind2="4" tag="780"><subfield code="t">Story (Atlanta, Ga. : Intown West ed.)</subfield><subfield code="w">(DLC)  2005233298</subfield><subfield code="w">(OCoLC)62246813</subfield></datafield><datafield ind1="1" ind2="4" tag="780"><subfield code="t">Story (Atlanta, Ga. : Intown East ed.)</subfield><subfield code="w">(DLC)  2005233281</subfield><subfield code="w">(OCoLC)62246856</subfield></datafield><datafield ind1="1" ind2="4" tag="780"><subfield code="t">Story (Atlanta, Ga. : Central DeKalb ed.)</subfield><subfield code="w">(DLC)  2005233275</subfield><subfield code="w">(OCoLC)62246950</subfield></datafield></record>